@article{kaiser1974index,
    title={An index of factorial simplicity},
    author={Kaiser, Henry F.},
    journal={Psychometrika},
    volume={39},
    number={1},
    pages={31--36},
    year={1974},
    publisher={Springer},
    doi={10.1007/BF02291575}
}

@article{bartlett1950tests,
    title={Tests of significance in factor analysis},
    author={Bartlett, M. S.},
    journal={British Journal of Statistical Psychology},
    volume={3},
    number={2},
    pages={77--85},
    year={1950},
    publisher={Wiley},
    doi={10.1111/j.2044-8317.1950.tb00285.x}
}

@book{lawley1962factor,
    title={Factor analysis as a statistical method},
    author={Lawley, D. N. and Maxwell, A. E.},
    year={1962},
    publisher={Butterworths}
}

@book{mclachlan2004discriminant,
    title={Discriminant Analysis and Statistical Pattern Recognition},
    author={McLachlan, G. J.},
    year={2004},
    publisher={Wiley}
}

@article{breiman2001random,
    title={Random forests},
    author={Breiman, L.},
    journal={Machine Learning},
    volume={45},
    number={1},
    pages={5--32},
    year={2001},
    publisher={Springer},
    doi={10.1023/A:1010933404324}
}

@article{chawla2002smote,
    title={SMOTE: Synthetic Minority Over-sampling Technique},
    author={Chawla, N. V. and Bowyer, K. W. and Hall, L. O. and Kegelmeyer, W. P.},
    journal={Journal of Artificial Intelligence Research},
    volume={16},
    pages={321--357},
    year={2002},
    doi={10.1613/jair.953}
}

@book{jolliffe2002principal,
  title={Principal Component Analysis},
  author={Jolliffe, I. T.},
  series={Springer Series in Statistics},
  year={2002},
  publisher={Springer},
  doi={10.1007/b98835}
}

@inproceedings{prokhorenkova2018catboost,
  title={CatBoost: unbiased boosting with categorical features},
  author={Prokhorenkova, L. and Gusev, G. and Vorobev, A. and Dorogush, A. V. and Gulin, A.},
  booktitle={Advances in Neural Information Processing Systems},
  volume={31},
  pages={6638--6648},
  year={2018}
}

@inproceedings{chen2016xgboost,
  title={XGBoost: A Scalable Tree Boosting System},
  author={Chen, T. and Guestrin, C.},
  booktitle={Proceedings of the 22nd ACM SIGKDD International Conference on Knowledge Discovery and Data Mining},
  pages={785--794},
  year={2016},
  doi={10.1145/2939672.2939785}
}

@article{geurts2006extremely,
  title={Extremely randomized trees},
  author={Geurts, P. and Ernst, D. and Wehenkel, L.},
  journal={Machine Learning},
  volume={63},
  number={1},
  pages={3--42},
  year={2006},
  publisher={Springer},
  doi={10.1007/s10994-006-6226-1}
}
